 @article{ahmed_siwar_2014, 
     title={Concepts, Dimensions and Elements of Water Security}, 
     volume={13}, 
     DOI={10.3923/pjn.2014.281.286}, number={5}, 
     journal={Pakistan Journal of Nutrition}, author={Ahmed, Ferdoushi and Siwar, Chamhuri}, 
     year={2014}, 
     month={5}, 
     pages={281–286} 
 }

@article{
    anang2019factors,
    title={Factors Affecting Water Demand: Macro Evidence in Malaysia},
    author={Anang, Zuraini and Padli, Jaharudin and Abdul Rashid, Noorhaslinda Kulub and Mat Alipiah, Roseliza and Musa, Haslina},
    journal={Jurnal Ekonomi Malaysia},
    volume={53},
    number={1},
    pages={17—25},
    year={2019},
}

@article{
    zhou2018water,
    title={Water quality prediction method based on IGRA and LSTM},
    author={Zhou, Jian and Wang, Yuanyuan and Xiao, Fu and Wang, Yunyun and Sun, Lijuan},
    journal={Water},
    volume={10},
    number={9},
    pages={1148},
    year={2018},
    publisher={MDPI}
}

@article{
    nasir2022water,
    title={Water quality classification using machine learning algorithms},
    author={Nasir, Nida and Kansal, Afreen and Alshaltone, Omar and Barneih, Feras and Sameer, Mustafa and Shanableh, Abdallah and Al-Shamma'a, Ahmed},
    journal={Journal of Water Process Engineering},
    volume={48},
    pages={102920},
    year={2022},
    publisher={Elsevier}
}

@Article{
    martinezetal,
    AUTHOR = {Martínez, Ramón and Vela, Nuria and el Aatik, Abderrazak and Murray, Eoin and Roche, Patrick and Navarro, Juan M.},
    TITLE = {On the Use of an IoT Integrated System for Water Quality Monitoring and Management in Wastewater Treatment Plants},
    JOURNAL = {Water},
    VOLUME = {12},
    YEAR = {2020},
    NUMBER = {4},
    ARTICLE-NUMBER = {1096},
    URL = {https://www.mdpi.com/2073-4441/12/4/1096},
    ISSN = {2073-4441},
}

@article{
    lee1982water,
    title={Water quality standards and water quality},
    author={Lee, G Fred and Jones, R Anne and Newbry, Brooks W},
    journal={Journal (Water Pollution Control Federation)},
    pages={1131--1138},
    year={1982},
    publisher={JSTOR}
}

@article{
    aldhyani2020water,
    title={Water quality prediction using artificial intelligence algorithms},
    author={Aldhyani, Theyazn HH and Al-Yaari, Mohammed and Alkahtani, Hasan and Maashi, Mashael},
    journal={Applied Bionics and Biomechanics},
    volume={2020},
    year={2020},
    publisher={Hindawi}
}

@article{
    zhu2022review,
    title={A review of the application of machine learning in water quality evaluation},
    author={Zhu, Mengyuan and Wang, Jiawei and Yang, Xiao and Zhang, Yu and Zhang, Linyu and Ren, Hongqiang and Wu, Bing and Ye, Lin},
    journal={Eco-Environment \& Health},
    year={2022},
    publisher={Elsevier}
}

@article{
    geetha2020overview,
    title={Overview of machine learning and its adaptability in mechanical engineering},
    author={Geetha, NK and Bridjesh, P},
    journal={Materials Today: Proceedings},
    year={2020},
    publisher={Elsevier}
}

@article{
    haenlein2019brief,
    title={A brief history of artificial intelligence: On the past, present, and future of artificial intelligence},
    author={Haenlein, Michael and Kaplan, Andreas},
    journal={California management review},
    volume={61},
    number={4},
    pages={5--14},
    year={2019},
    publisher={SAGE Publications Sage CA: Los Angeles, CA}
}

@book{
    berry2019supervised,
    title={Supervised and unsupervised learning for data science},
    author={Berry, Michael W and Mohamed, Azlinah and Yap, Bee Wah},
    year={2019},
    publisher={Springer}
}

@inproceedings{
    bouamar2007evaluation,
    title={Evaluation of the performances of ANN and SVM techniques used in water quality classification},
    author={Bouamar, Mohamed and Ladjal, Mohamed},
    booktitle={2007 14th IEEE International Conference on Electronics, Circuits and Systems},
    pages={1047--1050},
    year={2007},
    organization={IEEE}
}

@inproceedings{
    blanco2022deep,
    title={Deep Learning Models for Water Potability Classification in Rural Areas in the Philippines},
    author={Blanco, Argeen and Del Rosario, Lance Victor and Jose, Ken Ichiro and Alipio, Melchizedek},
    booktitle={2022 IEEE World AI IoT Congress (AIIoT)},
    pages={225--231},
    year={2022},
    organization={IEEE}
}

@inproceedings{
    zai2022prediction,
    title={Prediction of Water Quality Using Artificial Intelligence (AI) and Statistical Approach},
    author={Zai, Chaimae and El Mechal, Chaymae and El Amrani El Idrissi, Najiba and Ghennioui, Hicham},
    booktitle={International Conference on Digital Technologies and Applications},
    pages={34--42},
    year={2022},
    organization={Springer}
}

@article{
    poudelcomparison,
    author = {Poudel, Diwash and Shrestha, Dhadkan and Bhattarai, Sulove and Ghimire, Abhishek},
    year = {2022},
    month = {07},
    pages = {38-46},
    title = {Comparison of Machine Learning Algorithms in Statistically Imputed Water Potability Dataset},
    volume = {5}
}

@article{
    abuzir2022machine,
    title={Machine learning for water quality classification},
    author={Abuzir, Saleh Y and Abuzir, Yousef S},
    journal={Water Quality Research Journal},
    year={2022}
}

@online{
    kaggledataset,
    title={Dataset for Water Quality Classification},
    url={https://www.kaggle.com/code/tolgakurtulus/logistic-regression-classification-91-7-acc/data},
}

@inproceedings{gawhade2022,
    author={Gawhade, Rohan and Bohara, Lokesh Ramdev and Mathew, Jesvin and Bari, Poonam},
    title={2022 Second International Conference on Power, Control and Computing Technologies (ICPC2T)}, 
    title={Computerized Data-Preprocessing To Improve Data Quality}, 
    year={2022},
    volume={},
    number={},
    pages={1-6},
    doi={10.1109/ICPC2T53885.2022.9776676}
}

@article{douzas2018improving,
  title={Improving imbalanced learning through a heuristic oversampling method based on k-means and SMOTE},
  author={Douzas, Georgios and Bacao, Fernando and Last, Felix},
  journal={Information Sciences},
  volume={465},
  pages={1--20},
  year={2018},
  publisher={Elsevier}
}

@misc{scikit, 
    title={Sklearn.preprocessing.MinMaxScaler}, url={https://scikit-learn.org/stable/modules/generated/sklearn.preprocessing.MinMaxScaler.html}, 
    journal={scikit}
} 

@article{ali2012random,
    title={Random forests and decision trees},
    author={Ali, Jehad and Khan, Rehanullah and Ahmad, Nasir and Maqsood, Imran},
    journal={International Journal of Computer Science Issues (IJCSI)},
    volume={9},
    number={5},
    pages={272},
    year={2012},
    publisher={Citeseer}
}

@article{lan2020comparative,
    title={A comparative study of decision tree, random forest, and convolutional neural network for spread-F identification},
    author={Lan, Ting and Hu, Hui and Jiang, Chunhua and Yang, Guobin and Zhao, Zhengyu},
    journal={Advances in Space Research},
    volume={65},
    number={8},
    pages={2052--2061},
    year={2020},
    publisher={Elsevier}
}

@article{najah2011application,
    title={An application of different artificial intelligences techniques for water quality prediction},
    author={Najah, A and El-Shafie, AHAH and Karim, OA and Jaafar, O and El-Shafie, Amr H and others},
    journal={Int J Phys Sci},
    volume={6},
    number={22},
    pages={5298--5308},
    year={2011}
}

@inproceedings{yusri2022water,
    title={Water Quality Classification Using SVM And XGBoost Method},
    author={Yusri, Hasriq Izzuan Hasnol and Hassan, Siti Lailatul Mohd and Halim, Ili Shairah Abdul and Abdullah, Noor Ezan and others},
    booktitle={2022 IEEE 13th Control and System Graduate Research Colloquium (ICSGRC)},
    pages={231--236},
    year={2022},
    organization={IEEE}
}